@misc{MNE,
	author = {Gramfort, A. and Luessi, M. and Larson, E. and Engemann, D. and Strohmeier, D. and  Brodbeck, C. and Parkkonen,  L. and Hämäläinen, M.},
	volume = {86},
	year ={2014},
	month = {2},

}

@misc{flamary2017pot,
title={POT Python Optimal Transport library},
author={Flamary, R{'e}mi and Courty, Nicolas},
url={https://github.com/rflamary/POT},
year={2017}
}
